@article{Coronado2009,
  author = {Sherri de Coronado and Lawrence W. Wright and Gilberto Fragoso and Margaret W. Haber and Elizabeth A. Hahn-Dantona and Francis W. Hartel and Sharon L. Quan and Tracy Safran and Nicole Thomas and Lori Whiteman},
  interhash = {5189c7b3782918883b0db20a281d6247},
  intrahash = {39c304e9ddc5b56587bcc35021f61243},
  journal = {Journal of Biomedical Informatics},
  number = 3,
  pages = {530-539},
  title = {The NCI Thesaurus quality assurance life cycle.},
  url = {http://dblp.uni-trier.de/db/journals/jbi/jbi42.html},
  volume = 42,
  year = 2009,
  timestamp = {2009-09-25T00:00:00.000+0200},
  keywords = {dblp},
  ee = {http://dx.doi.org/10.1016/j.jbi.2009.01.003},
  added-at = {2009-09-25T00:00:00.000+0200},
  description = {dblp},
  biburl = {http://www.bibsonomy.org/bibtex/239c304e9ddc5b56587bcc35021f61243/dblp},
  date = {2009-09-25}
}
