
@inproceedings{Popitsch:2010:DHB:1772690.1772768,
 author = {Popitsch, Niko P. and Haslhofer, Bernhard},
 title = {{DSNotify: handling broken links in the web of data}},
 booktitle = {Proc. 19th Int. Conf. World Wide Web (WWW)},
 year = {2010},
 isbn = {978-1-60558-799-8},
 location = {Raleigh, North Carolina},
 pages = {761--770},
 numpages = {10},
 url = {http://doi.acm.org/10.1145/1772690.1772768},
 doi = {10.1145/1772690.1772768},
 acmid = {1772768},
 keywords = {blocking, broken links, instance matching, link integrity, linked data},
}

@inproceedings{Popitsch:2010:DHB:1772690.1772768-old,
 author = {Popitsch, Niko P. and Haslhofer, Bernhard},
 title = {DSNotify: handling broken links in the web of data},
 booktitle = {Proceedings of the 19th international conference on World wide web},
 series = {WWW '10},
 year = {2010},
 isbn = {978-1-60558-799-8},
 location = {Raleigh, North Carolina, USA},
 pages = {761--770},
 numpages = {10},
 url = {http://doi.acm.org/10.1145/1772690.1772768},
 doi = {10.1145/1772690.1772768},
 acmid = {1772768},
 publisher = {ACM},
 address = {New York, NY, USA},
 keywords = {blocking, broken links, instance matching, link integrity, linked data},
}

@inproceedings{van2006method,
  author = {Van Assem, M. and Malais{\'e}, V. and Miles, A. and Schreiber, G.},
  booktitle = {Proc. 3rd European Semantic Web Conf. (ESWC)},
  pages = {95-109},
  title = {{A method to convert thesauri to SKOS}},
  year = 2006
}

@article{Coronado2009,
  author = {Sherri de Coronado and Lawrence W. Wright and Gilberto Fragoso and Margaret W. Haber and Elizabeth A. Hahn-Dantona and Francis W. Hartel and Sharon L. Quan and Tracy Safran and Nicole Thomas and Lori Whiteman},
  interhash = {5189c7b3782918883b0db20a281d6247},
  intrahash = {39c304e9ddc5b56587bcc35021f61243},
  journal = {J. Biomed. Inform.},
  number = 3,
  pages = {530-539},
  title = {The {NCI Thesaurus} quality assurance life cycle},
  volume = 42,
  year = 2009,
  timestamp = {2009-09-25T00:00:00.000+0200},
  keywords = {dblp},
  ee = {http://dx.doi.org/10.1016/j.jbi.2009.01.003},
  added-at = {2009-09-25T00:00:00.000+0200},
  description = {dblp},
  date = {2009-09-25}
}

@article{Coronado2009-old,
  author = {Sherri de Coronado and Lawrence W. Wright and Gilberto Fragoso and Margaret W. Haber and Elizabeth A. Hahn-Dantona and Francis W. Hartel and Sharon L. Quan and Tracy Safran and Nicole Thomas and Lori Whiteman},
  interhash = {5189c7b3782918883b0db20a281d6247},
  intrahash = {39c304e9ddc5b56587bcc35021f61243},
  journal = {Journal of Biomedical Informatics},
  number = 3,
  pages = {530-539},
  title = {The NCI Thesaurus quality assurance life cycle},
  url = {http://dblp.uni-trier.de/db/journals/jbi/jbi42.html},
  volume = 42,
  year = 2009,
  timestamp = {2009-09-25T00:00:00.000+0200},
  keywords = {dblp},
  ee = {http://dx.doi.org/10.1016/j.jbi.2009.01.003},
  added-at = {2009-09-25T00:00:00.000+0200},
  description = {dblp},
  biburl = {http://www.bibsonomy.org/bibtex/239c304e9ddc5b56587bcc35021f61243/dblp},
  date = {2009-09-25}
}
@article{Hartig2009,
  added-at = {2012-01-18T15:57:08.000+0100},
  author = {Hartig, Olaf},
  biburl = {http://www.bibsonomy.org/bibtex/24a2a063028929ea0bc1cf8d603b81fe4/fgimpel},
  interhash = {9d1afd4b39c6aa9253a4ef5cf41d3849},
  intrahash = {4a2a063028929ea0bc1cf8d603b81fe4},
  keywords = {provenance semantic_web},
  timestamp = {2012-01-18T15:57:08.000+0100},
  title = {Provenance Information in the Web of Data},
  url = {http://www.dbis.informatik.hu-berlin.de/fileadmin/research/papers/conferences/2009-ldow-hartig.pdf},
  year = 2009
}
@inproceedings{Omitola2011,
  added-at = {2011-05-30T00:00:00.000+0200},
  author = {Omitola, Tope and Zuo, Landong and Gutteridge, Christopher and Millard, Ian and Glaser, Hugh and Gibbins, Nicholas and Shadbolt, Nigel},
  biburl = {http://www.bibsonomy.org/bibtex/2d0f0a3efba5dac9e53f4a90841482deb/dblp},
  booktitle = {WIMS},
  crossref = {conf/wims/2011},
  editor = {Akerkar, Rajendra},
  ee = {http://doi.acm.org/10.1145/1988688.1988709},
  interhash = {93312cc4c6ec8059689ccfd95193c2aa},
  intrahash = {d0f0a3efba5dac9e53f4a90841482deb},
  isbn = {978-1-4503-0148-0},
  keywords = {dblp},
  pages = 17,
  publisher = {ACM},
  timestamp = {2011-05-30T00:00:00.000+0200},
  title = {Tracing the provenance of linked data using voiD.},
  url = {http://dblp.uni-trier.de/db/conf/wims/wims2011.html#OmitolaZGMGGS11},
  year = 2011
}
@manual{Z39.19:2005,
	Author = {NISO},
	Date-Added = {2011-05-28 20:05:34 +0200},
	Date-Modified = {2011-06-20 13:36:54 -0400},
	Institution = {National Information Standards Organization},
	Number = {ANSI/NISO Z39.19},
	Title = {ANSI/NISO Z39.19 - Guidelines for the Construction, Format, and Management of Monolingual Controlled Vocabularies},
	Type = {Norm},
	year = 2005
}
@book{Hedden2010,
  title={The accidental taxonomist},
  author={Hedden, H.},
  isbn={9781573873970},
  lccn={2010008320},
  year={2010},
  publisher={Information Today}
}
@article{Hopcroft1973,
  added-at = {2011-06-07T00:00:00.000+0200},
  author = {Hopcroft, John E. and Tarjan, Robert Endre},
  biburl = {http://www.bibsonomy.org/bibtex/2605d3cfb596e7811b41a5a9258e76f18/dblp},
  ee = {http://doi.acm.org/10.1145/362248.362272},
  interhash = {6170fdcbed5461a23ae2fe93d02bd04a},
  intrahash = {605d3cfb596e7811b41a5a9258e76f18},
  journal = {Commun. ACM},
  keywords = {dblp},
  number = 6,
  pages = {372-378},
  timestamp = {2011-06-07T00:00:00.000+0200},
  title = {Efficient Algorithms for Graph Manipulation [H] (Algorithm 447).},
  volume = 16,
  year = 1973
}
@article{Hopcroft1973-old,
  added-at = {2011-06-07T00:00:00.000+0200},
  author = {Hopcroft, John E. and Tarjan, Robert Endre},
  biburl = {http://www.bibsonomy.org/bibtex/2605d3cfb596e7811b41a5a9258e76f18/dblp},
  ee = {http://doi.acm.org/10.1145/362248.362272},
  interhash = {6170fdcbed5461a23ae2fe93d02bd04a},
  intrahash = {605d3cfb596e7811b41a5a9258e76f18},
  journal = {Commun. ACM},
  keywords = {dblp},
  number = 6,
  pages = {372-378},
  timestamp = {2011-06-07T00:00:00.000+0200},
  title = {Efficient Algorithms for Graph Manipulation [H] (Algorithm 447).},
  url = {http://dblp.uni-trier.de/db/journals/cacm/cacm16.html#HopcroftT73},
  volume = 16,
  year = 1973
}
@book{Aitchison2000,
  title={Thesaurus construction and use: a practical manual},
  author={Aitchison, J. and Gilchrist, A. and Bawden, D.},
  isbn={9780851424460},
  lccn={2001279273},
  year={2000},
  publisher={Aslib IMI}
}
@book{Harpring2010,
  abstract = {An online publication that defines the characteristics, scope, and uses of controlled vocabularies for art and cultural materials, and explains how vocabularies should be integrated in cataloging systems and utilized for indexing and retrieval.},
  added-at = {2010-08-25T13:28:19.000+0200},
  address = {Los Angeles},
  author = {Harpring, Patricia},
  biburl = {http://www.bibsonomy.org/bibtex/2206b48c140597446deb665225f11088d/acka47},
  interhash = {bffbd4f065b2a9c397551ca563a7b690},
  intrahash = {206b48c140597446deb665225f11088d},
  isbn = {978-1-60606-026-1},
  keywords = {LIS controlledvocabulary inhaltserschließung},
  publisher = {Getty Publications},
  timestamp = {2010-08-25T13:28:19.000+0200},
  title = {Introduction to Controlled Vocabularies: Terminology for Art, Architecture, and Other Cultural Works},
  year = 2010
}
@book{Harpring2010-old,
  abstract = {An online publication that defines the characteristics, scope, and uses of controlled vocabularies for art and cultural materials, and explains how vocabularies should be integrated in cataloging systems and utilized for indexing and retrieval.},
  added-at = {2010-08-25T13:28:19.000+0200},
  address = {Los Angeles},
  author = {Harpring, Patricia},
  biburl = {http://www.bibsonomy.org/bibtex/2206b48c140597446deb665225f11088d/acka47},
  interhash = {bffbd4f065b2a9c397551ca563a7b690},
  intrahash = {206b48c140597446deb665225f11088d},
  isbn = {978-1-60606-026-1},
  keywords = {LIS controlledvocabulary inhaltserschließung},
  publisher = {Getty Research Institute},
  timestamp = {2010-08-25T13:28:19.000+0200},
  title = {Introduction to Controlled Vocabularies: Terminology for Art, Architecture, and Other Cultural Works},
  url = {http://www.getty.edu/research/conducting_research/standards/intro_controlled_vocab/index.html},
  year = 2010
}
@techreport{ISO25964-1:2011,
	Date-Added = {2011-05-28 20:02:29 +0200},
	Date-Modified = {2011-05-28 20:03:27 +0200},
	Institution = {International Organization for Standardization},
	Title = {{ISO 25964-1: Information and documentation -- Thesauri and interoperability with other vocabularies -- Part 1: Thesauri for information retrieval}},
	type = {Norm},
	Year = {2011}
}
@techreport{ISO25964-1:2011-old,
	Address = {Geneva, Switzerland},
	Date-Added = {2011-05-28 20:02:29 +0200},
	Date-Modified = {2011-05-28 20:03:27 +0200},
	Institution = {International Organization for Standardization},
	Number = {ISO 25964-1},
	Title = {Information and documentation -- Thesauri and interoperability with other vocabularies -- Part 1: Thesauri for information retrieval},
	Type = {Norm (Draft)},
	Year = {2011}
}
@article{Bernerslee2001,
  added-at = {2012-03-09T05:00:56.000+0100},
  author = {Berners-Lee, Tim and Hendler, James and Lassila, Ora},
  biburl = {http://www.bibsonomy.org/bibtex/2222934145a71a9d6cfbbb375d4d62c1d/subproletarian},
  interhash = {e87f09446138a81e6478625da97885b6},
  intrahash = {222934145a71a9d6cfbbb375d4d62c1d},
  journal = {Scientific American},
  keywords = {semantic semantic_web web},
  lastdatemodified = {2007-04-27},
  lastname = {Berners-Lee},
  month = may,
  number = 5,
  own = {notown},
  pages = {34-43},
  read = {notread},
  timestamp = {2012-03-09T05:00:56.000+0100},
  title = {The Semantic Web},
  url = {http://www.sciam.com/article.cfm?articleID=00048144-10D2-1C70-84A9809EC588EF21},
  volume = 284,
  year = 2001
}
@book{Heath2011,
  author = {Heath, Tom and Bizer, Christian},
  interhash = {1c54420f01635ab86006262304d1e78f},
  intrahash = {c397781f6a6e59e824f620843712c3a0},
  publisher = {Morgan \& Claypool},
  url = {http://linkeddatabook.com/},
  title = {Linked Data: Evolving the Web into a Global Data Space},
  year = 2011,
  timestamp = {2011-03-04T21:27:05.000+0100},
  keywords = {basics linkedata introduction},
  added-at = {2011-03-04T21:27:05.000+0100},
  isbn = {9781608454303},
  biburl = {http://www.bibsonomy.org/bibtex/2c397781f6a6e59e824f620843712c3a0/datentaste}
}
@book{Heath2011-old,
  author = {Heath, Tom and Bizer, Christian},
  edition = {1st},
  interhash = {1c54420f01635ab86006262304d1e78f},
  intrahash = {c397781f6a6e59e824f620843712c3a0},
  publisher = {Morgan \& Claypool},
  title = {Linked Data: Evolving the Web into a Global Data Space},
  url = {http://linkeddatabook.com/},
  year = 2011,
  timestamp = {2011-03-04T21:27:05.000+0100},
  keywords = {basics linkedata introduction},
  added-at = {2011-03-04T21:27:05.000+0100},
  isbn = {9781608454303},
  biburl = {http://www.bibsonomy.org/bibtex/2c397781f6a6e59e824f620843712c3a0/datentaste}
}
@inproceedings{Hogan2010,
  added-at = {2011-09-20T00:00:00.000+0200},
  author = {Hogan, Aidan and Harth, Andreas and Passant, Alexandre and Decker, Stefan and Polleres, Axel},
  biburl = {http://www.bibsonomy.org/bibtex/202386bf883ab65de5690b4e21de1d3be/dblp},
  booktitle = {Proc. WWW2010 Workshop on Linked Data on the Web (LDOW)},
  ee = {http://ceur-ws.org/Vol-628/ldow2010_paper04.pdf},
  interhash = {6a5a1ba466151b7b9e881d852a953349},
  intrahash = {02386bf883ab65de5690b4e21de1d3be},
  keywords = {dblp},
  publisher = {CEUR-WS.org},
  timestamp = {2011-09-20T00:00:00.000+0200},
  title = {Weaving the Pedantic Web},
  url = {http://ceur-ws.org/Vol-628/},
  volume = 628,
  year = 2010
}
@inproceedings{Hogan2010-old,
  added-at = {2011-09-20T00:00:00.000+0200},
  author = {Hogan, Aidan and Harth, Andreas and Passant, Alexandre and Decker, Stefan and Polleres, Axel},
  biburl = {http://www.bibsonomy.org/bibtex/202386bf883ab65de5690b4e21de1d3be/dblp},
  booktitle = {LDOW},
  editor = {Bizer, Christian and Heath, Tom and Berners-Lee, Tim and Hausenblas, Michael},
  ee = {http://ceur-ws.org/Vol-628/ldow2010_paper04.pdf},
  interhash = {6a5a1ba466151b7b9e881d852a953349},
  intrahash = {02386bf883ab65de5690b4e21de1d3be},
  keywords = {dblp},
  publisher = {CEUR-WS.org},
  series = {CEUR Workshop Proceedings},
  timestamp = {2011-09-20T00:00:00.000+0200},
  title = {Weaving the Pedantic Web.},
  url = {http://dblp.uni-trier.de/db/conf/www/ldow2010.html#HoganHPDP10},
  volume = 628,
  year = 2010
}
@book{Allemang2011,
  title={Semantic Web for the Working Ontologist: Effective Modeling in RDFS and OWL},
  author={Allemang, D. and Hendler, J.},
  isbn={9780123859655},
  lccn={2007051586},
  publisher={Morgan Kaufmann},
  year={2011}
}
@book{Allemang2011-old,
  title={Semantic Web for the Working Ontologist: Effective Modeling in RDFS and OWL},
  author={Allemang, D. and Hendler, J.},
  isbn={9780123859655},
  lccn={2007051586},
  series={Morgan Kaufmann},
  url={http://books.google.at/books?id=\_qGKPOlB1DgC},
  year={2011},
  publisher={Elsevier Science}
}
@inproceedings{Miles2005,
  added-at = {2010-01-28T22:00:35.000+0100},
  address = {Madrid, Spanien},
  author = {Miles, Alistair and Matthews, Brian and Wilson, Michael and Brickley, Dan},
  biburl = {http://www.bibsonomy.org/bibtex/2556cf52de79fa8b4b601290b8f79b3cc/zazi},
  booktitle = {{Proceedings of the 2005 international conference on Dublin Core
	and metadata applications}},
  description = {The Bibliography of my Belegarbeit},
  interhash = {eac026f70a4391ad43fa9c6a7c4f52ff},
  intrahash = {556cf52de79fa8b4b601290b8f79b3cc},
  isbn = {8489315442, 9788489315440},
  keywords = {imported},
  owner = {zazi},
  pages = {1--9},
  publisher = {Dublin Core Metadata Initiative},
  timestamp = {2010-01-28T22:00:35.000+0100},
  title = {{SKOS core: Simple Knowledge Organisation for the Web}},
  year = 2005
}
@inproceedings{Assem2006,
  added-at = {2010-04-19T14:13:18.000+0200},
  address = {Budva and Montenegro},
  author = {van Assem, Mark and Malaisé, Véronique and Miles, Alistair and Schreiber, Guus},
  biburl = {http://www.bibsonomy.org/bibtex/24bbdbb2bd59a7f352203bbca5c1380f7/gtorodelvalle},
  booktitle = {Proceedings of the Third European Semantic Web Conference {(ESWC'06)}},
  editor = {Sure, York and Domingue, John},
  interhash = {c005179f0a4eaaf8eecd235da9430c94},
  intrahash = {4bbdbb2bd59a7f352203bbca5c1380f7},
  keywords = {convert method ontology semantic-web skos thesauri},
  month = {June},
  pages = {95--109},
  publisher = {{Springer-Verlag}},
  series = {Lecture Notes in Computer Science},
  timestamp = {2010-04-19T14:13:18.000+0200},
  title = {A Method to Convert Thesauri to {SKOS}},
  url = {http://www.cs.vu.nl/~mark/papers/Assem06b.pdf},
  volume = 4011,
  year = 2006
}
@techreport{Jacobs2004,
    abstract = {{The World Wide Web uses relatively simple technologies with sufficient scalability, efficiency and utility that they have resulted in a remarkable information space of interrelated resources, growing across languages, cultures, and media. In an effort to preserve these properties of the information space as the technologies evolve, this architecture document discusses the core design components of the Web. They are identification of resources, representation of resource state, and the protocols that support the interaction between agents and resources in the space. We relate core design components, constraints, and good practices to the principles and properties they support.}},
    author = {Jacobs, Ian and Walsh, Norman},
    citeulike-article-id = {8898564},
    institution = {W3C},
    month = apr,
    posted-at = {2011-02-27 18:13:21},
    priority = {2},
    title = {{Architecture of the World Wide Web}},
    type = {Proposed Recommendation},
    year = {2004}
}
@book{Hitzler2009,
   author =       {Pascal Hitzler and Markus Kr{\"o}tzsch and Sebastian Rudolph},
   title =        {Foundations of Semantic Web Technologies},
   year =         {2009},
   publisher = {Chapman \&{} Hall/CRC}
}
@misc{RDFSEM2012,
  author = {{W3C}},
	year = {last access Mar 2012},
  howpublished = {http://www.w3.org/TR/rdf-mt/}
}
@techreport{Isaac2009, 
	title={{SKOS Simple Knowledge Organization System Primer}}, 
	url={http://www.w3.org/TR/skos-primer/}, 
	type={{Working Group Note}},
	institution={W3C}, 
	author={Isaac, Antoine and Summers, Ed}, 
	year={2009}
}
@techreport{SkosReference2008,
  added-at = {2008-03-02T23:35:39.000+0100},
  author = {Miles, Alistair and Bechhofer, Sean},
  biburl = {http://www.bibsonomy.org/bibtex/2c06a16bddb2fc98d6ce071c743da10cf/berrueta},
  institution = {W3C},
  interhash = {d9c19712fcb87c44a8d58797091c487e},
  intrahash = {c06a16bddb2fc98d6ce071c743da10cf},
  keywords = {2008 mythesis skos swd w3c},
  timestamp = {2008-03-02T23:35:39.000+0100},
  title = {{SKOS Simple Knowledge Organization System Reference}},
  type = {Recommendation},
  url = {http://www.w3.org/TR/skos-reference/},
  year = 2009
}
@inproceedings{Svenonius1997,
  title={Definitional approaches in the design of classification and thesauri and their implications for retrieval and for automatic classification},
  author={Svenonius, E.},
  booktitle={Proc. Int. Study Conference on Classification Research},
  pages={12--16},
  year={1997}
}
@inproceedings{Svenonius1997-old,
  title={Definitional approaches in the design of classification and thesauri and their implications for retrieval and for automatic classification},
  author={Svenonius, E.},
  booktitle={Knowledge organization for information retrieval: Proc. Int. Study Conference on Classification Research, University College (6: 1997: London). Hague: International Federation of Information and Documentation},
  pages={12--16},
  year={1997}
}
@article{Svenonius2003,
  title={Design of controlled vocabularies},
  author={Svenonius, E.},
  journal={Encyclopedia of Library and Information Science},
  volume={45},
  pages={822--838},
  year={2003},
  publisher={Marcel Dekker New York}
}
@inproceedings{Soergel2002,
  title={Thesauri and ontologies in digital libraries: tutorial},
  author={Soergel, D.},
  booktitle={Proc. 2nd Joint Conf. on Digital libraries (JCDL)},
  year={2002}
}
@book{Soergel2002-old,
  title={Thesauri and ontologies in digital libraries: Tutorial},
  author={Soergel, D. and IEEE Computer Society and Association for Computing Machinery},
  year={2002},
  publisher={Dagobert Soergel}
}
@inproceedings{Soergel1997,
    author = {Dagobert Soergel},
    title = {Multilingual Thesauri in Cross-Language Text and Speech Retrieval},
    booktitle = {AAAI Spring Symposium on Cross-Language Text and Speech Retrieval},
    year = {1997},
    pages = {164--170}
}
@inproceedings{Nagy2011,
 author = {Nagy, Helmut and Pellegrini, Tassilo and Mader, Christian},
 title = {{Exploring structural differences in thesauri for SKOS-based applications}},
 booktitle = {Proc. 7th ACM Int. Conf. Semantic Systems (I-Semantics)},
 year = {2011},
 isbn = {978-1-4503-0621-8},
 location = {Graz, Austria},
 pages = {187--190},
 numpages = {4},
 url = {http://doi.acm.org/10.1145/2063518.2063546},
 doi = {http://doi.acm.org/10.1145/2063518.2063546},
 acmid = {2063546},
  keywords = {SKOS, quality assurance, semantic web application, thesaurus},
}
@inproceedings{Nagy2011-old,
 author = {Nagy, Helmut and Pellegrini, Tassilo and Mader, Christian},
 title = {Exploring structural differences in thesauri for SKOS-based applications},
 booktitle = {Proceedings of the 7th International Conference on Semantic Systems},
 series = {I-Semantics '11},
 year = {2011},
 isbn = {978-1-4503-0621-8},
 location = {Graz, Austria},
 pages = {187--190},
 numpages = {4},
 url = {http://doi.acm.org/10.1145/2063518.2063546},
 doi = {http://doi.acm.org/10.1145/2063518.2063546},
 acmid = {2063546},
 publisher = {ACM},
 address = {New York, NY, USA},
 keywords = {SKOS, quality assurance, semantic web application, thesaurus},
}
@article{Pipino2002,
  title={Data quality assessment},
  author={Pipino, L.L. and Lee, Y.W. and Wang, R.Y.},
  journal={Commun. ACM},
  volume={45},
  number={4},
  pages={211--218},
  year={2002},
  publisher={ACM}
}
@article{Batini2009,
  title={Methodologies for data quality assessment and improvement},
  author={Batini, C. and Cappiello, C. and Francalanci, C. and Maurino, A.},
  journal={ACM Computing Surveys},
  volume={41},
  number={3},
  pages={16},
  year={2009},
  publisher={ACM}
}
@article{Kless2010,
  title={Towards quality measures for evaluating thesauri},
  author={Kless, D. and Milton, S.},
  journal={Metadata and Semantic Research},
  pages={312--319},
  year={2010},
  publisher={Springer}
}
@article{Soergel1995,
  title={The art and architecture thesaurus (AAT): A critical appraisal},
  author={Soergel, D.},
  journal={Visual Resources},
  volume={10},
  number={4},
  pages={369--400},
  year={1995},
  publisher={Taylor \& Francis}
}
@article{Pinto2008,
  title={A user view of the factors affecting quality of thesauri in social science databases},
  author={Pinto, M.},
  journal={Library \& Information Science Research},
  volume={30},
  number={3},
  pages={216--221},
  year={2008},
  publisher={Elsevier}
}
@article{Elkin2002,
  title={Guideline and quality indicators for development, purchase and use of controlled health vocabularies},
  author={Elkin, P.L. and Brown, S.H. and Carter, J. and Bauer, B.A. and Wahner-Roedler, D. and Bergstrom, L. and Pittelkow, M. and Rosse, C.},
  journal={Int. J. Med. Inform.},
  volume={68},
  number={1-3},
  pages={175--186},
  year={2002},
  publisher={Elsevier}
}
@article{Elkin2002-old,
  title={Guideline and quality indicators for development, purchase and use of controlled health vocabularies},
  author={Elkin, P.L. and Brown, S.H. and Carter, J. and Bauer, B.A. and Wahner-Roedler, D. and Bergstrom, L. and Pittelkow, M. and Rosse, C.},
  journal={International journal of figure*informatics},
  volume={68},
  number={1-3},
  pages={175--186},
  year={2002},
  publisher={Elsevier}
}
@inproceedings{Tartir2007,
  title={Ontology evaluation and ranking using OntoQA},
  author={Tartir, S. and Budak Arpinar, I.},
  booktitle={Semantic Computing, 2007. ICSC 2007. International Conference on},
  pages={185--192},
  year={2007},
  organization={Ieee}
}
@article{Gangemi2006,
  title={Modelling ontology evaluation and validation},
  author={Gangemi, A. and Catenacci, C. and Ciaramita, M. and Lehmann, J.},
  journal={The Semantic Web: Research and Applications},
  pages={140--154},
  year={2006},
  publisher={Springer}
}
@inproceedings{Arpinar2006,
  title={Ontology quality by detection of conflicts in metadata},
  author={Arpinar, I.B. and Giriloganathan, K. and Aleman-Meza, B.},
  booktitle={Proc. Fourth International EON Workshop: Evaluation of Ontologies for the Web},
  year={2006},
  organization={Citeseer}
}
@Phdthesis{Vrandecic2010,
	address = {Karlsruhe},
	school = {KIT, Fakult{\"a}t f{\"u}r Wirtschaftswissenschaften},
	title = {Ontology Evaluation},
	year = {2010},
	author = {Denny Vrandecic},
	evastar_pdf = {OntologyEvaluation.pdf}
	}







